<?xml version="1.0" encoding="UTF-8"?><record xmlns="http://www.loc.gov/MARC21/slim" xmlns:cinclude="http://apache.org/cocoon/include/1.0" xmlns:zs="http://www.loc.gov/zing/srw/">
  <leader>00438cz  a2200145n  4500</leader>
  <controlfield tag="001">no2002044367</controlfield>
  <controlfield tag="003">DLC</controlfield>
  <controlfield tag="005">20031001133702.0</controlfield>
  <controlfield tag="008">020522n| acannaabn          |n aaa     c</controlfield>
  <datafield tag="010" ind1=" " ind2=" ">
    <subfield code="a">no2002044367</subfield>
  </datafield>
  <datafield tag="035" ind1=" " ind2=" ">
    <subfield code="a">(OCoLC)oca05768450</subfield>
  </datafield>
  <datafield tag="040" ind1=" " ind2=" ">
    <subfield code="a">OrPS</subfield>
    <subfield code="b">eng</subfield>
    <subfield code="c">OrPS</subfield>
    <subfield code="d">DLC</subfield>
  </datafield>
  <datafield tag="100" ind1="1" ind2=" ">
    <subfield code="a">Schubert, Anny</subfield>
  </datafield>
  <datafield tag="670" ind1=" " ind2=" ">
    <subfield code="a">"Anny droĚmmel nich' - !", 1998:</subfield>
    <subfield code="b">t.p. (Anny Schubert)</subfield>
  </datafield>
  <datafield tag="670" ind1=" " ind2=" ">
    <subfield code="a">Henkelmann &amp; Holzschuh, 1999:</subfield>
    <subfield code="b">t.p. (Anny Schubert) p. 105 (b. 1937)</subfield>
  </datafield>
</record>